@misc{SciPy,
title = {{scipy.optimize.brentq — SciPy v1.6.1 Reference Guide}},
url = {https://docs.scipy.org/doc/scipy/reference/generated/scipy.optimize.brentq.html},
urldate = {2021-03-13},
year = "1"
}
@misc{Wolfram,
title = {{Brent's Method -- from Wolfram MathWorld}},
url = {https://mathworld.wolfram.com/BrentsMethod.html},
urldate = {2021-03-13},
year = "2"
}
@misc{SymPy,
title = {{Solvers — SymPy 1.7.1 documentation}},
url = {https://docs.sympy.org/latest/modules/solvers/solvers.html},
urldate = {2021-03-13},
year = "3"
}